@ARTICLE{Roepke:2022:arXiv,
       author = {{Roepke}, Friedrich K. and {De Marco}, Orsola},
        title = "{Simulations of common-envelope evolution in binary stellar systems: physical models and numerical techniques}",
      journal = {arXiv e-prints},
     keywords = {Astrophysics - Solar and Stellar Astrophysics, Astrophysics - High Energy Astrophysical Phenomena},
         year = 2022,
        month = dec,
          eid = {arXiv:2212.07308},
        pages = {arXiv:2212.07308},
          doi = {10.48550/arXiv.2212.07308},
archivePrefix = {arXiv},
       eprint = {2212.07308},
 primaryClass = {astro-ph.SR},
       adsurl = {https://ui.adsabs.harvard.edu/abs/2022arXiv221207308R},
      adsnote = {Provided by the SAO/NASA Astrophysics Data System}
}

@ARTICLE{Ohlmann:2016:ApJL,
       author = {{Ohlmann}, Sebastian T. and {R{\"o}pke}, Friedrich K. and {Pakmor}, R{\"u}diger and {Springel}, Volker},
        title = "{Hydrodynamic Moving-mesh Simulations of the Common Envelope Phase in Binary Stellar Systems}",
      journal = {\apjl},
     keywords = {binaries: close, hydrodynamics, methods: numerical, stars: kinematics and dynamics, Astrophysics - Solar and Stellar Astrophysics},
         year = 2016,
        month = jan,
       volume = {816},
       number = {1},
          eid = {L9},
        pages = {L9},
          doi = {10.3847/2041-8205/816/1/L9},
archivePrefix = {arXiv},
       eprint = {1512.04529},
 primaryClass = {astro-ph.SR},
       adsurl = {https://ui.adsabs.harvard.edu/abs/2016ApJ...816L...9O},
      adsnote = {Provided by the SAO/NASA Astrophysics Data System}
}


@ARTICLE{Wagg:2022:ApJ,
       author = {{Wagg}, T. and {Broekgaarden}, F.~S. and {de Mink}, S.~E. and {Frankel}, N. and {van Son}, L.~A.~C. and {Justham}, S.},
        title = "{Gravitational Wave Sources in Our Galactic Backyard: Predictions for BHBH, BHNS, and NSNS Binaries Detectable with LISA}",
      journal = {\apj},
     keywords = {Gravitational waves, Gravitational wave detectors, Compact objects, Neutron stars, Stellar mass black holes, Binary stars, Pulsars, Stellar evolution, 678, 676, 288, 1108, 1611, 154, 1306, 1599, Astrophysics - High Energy Astrophysical Phenomena},
         year = 2022,
        month = oct,
       volume = {937},
       number = {2},
          eid = {118},
        pages = {118},
          doi = {10.3847/1538-4357/ac8675},
archivePrefix = {arXiv},
       eprint = {2111.13704},
 primaryClass = {astro-ph.HE},
       adsurl = {https://ui.adsabs.harvard.edu/abs/2022ApJ...937..118W},
      adsnote = {Provided by the SAO/NASA Astrophysics Data System}
}

@ARTICLE{Amaro-Seoane:2022:arXiv,
       author = {{Amaro-Seoane}, Pau and {Andrews}, Jeff and {Arca Sedda}, Manuel and {Askar}, Abbas and {Balasov}, Razvan and {Bartos}, Imre and {Bavera}, Simone S. and {Bellovary}, Jillian and {Berry}, Christopher P.~L. and {Berti}, Emanuele and {Bianchi}, Stefano and {Blecha}, Laura and {Blondin}, St{\'e}phane and {Bogdanovi{\'c}}, Tamara and {Boissier}, Samuel and {Bonetti}, Matteo and {Bonoli}, Silvia and {Bortolas}, Elisa and {Breivik}, Katie and {Capelo}, Pedro R. and et al.},
        title = "{Astrophysics with the Laser Interferometer Space Antenna}",
      journal = {arXiv e-prints},
     keywords = {General Relativity and Quantum Cosmology, Astrophysics - Cosmology and Nongalactic Astrophysics, Astrophysics - Astrophysics of Galaxies, Astrophysics - High Energy Astrophysical Phenomena, Astrophysics - Instrumentation and Methods for Astrophysics, Astrophysics - Solar and Stellar Astrophysics},
         year = 2022,
        month = mar,
          eid = {arXiv:2203.06016},
        pages = {arXiv:2203.06016},
          doi = {10.48550/arXiv.2203.06016},
archivePrefix = {arXiv},
       eprint = {2203.06016},
 primaryClass = {gr-qc},
       adsurl = {https://ui.adsabs.harvard.edu/abs/2022arXiv220306016A},
      adsnote = {Provided by the SAO/NASA Astrophysics Data System}
}

@ARTICLE{Renzo:2021:ApJ,
       author = {{Renzo}, M. and {Callister}, T. and {Chatziioannou}, K. and {van Son}, L.~A.~C. and {Mingarelli}, C.~M.~F. and {Cantiello}, M. and {Ford}, K.~E.~S. and {McKernan}, B. and {Ashton}, G.},
        title = "{Prospects of Gravitational Wave Detections from Common Envelope Evolution with LISA}",
      journal = {\apj},
     keywords = {Common envelope binary stars, Common envelope evolution, Gravitational wave astronomy, Binary stars, Interacting binary stars, 2156, 2154, 675, 154, 801, Astrophysics - Solar and Stellar Astrophysics, General Relativity and Quantum Cosmology},
         year = 2021,
        month = oct,
       volume = {919},
       number = {2},
          eid = {128},
        pages = {128},
          doi = {10.3847/1538-4357/ac1110},
archivePrefix = {arXiv},
       eprint = {2102.00078},
 primaryClass = {astro-ph.SR},
       adsurl = {https://ui.adsabs.harvard.edu/abs/2021ApJ...919..128R},
      adsnote = {Provided by the SAO/NASA Astrophysics Data System}
}

@ARTICLE{Raveh:2021:MNRAS,
       author = {{Raveh}, Yael and {Ginat}, Yonadav Barry and {Perets}, Hagai B. and {Woods}, Tyrone E.},
        title = "{Probing supermassive stars and massive black hole seeds through gravitational wave inspirals}",
      journal = {\mnras},
     keywords = {black hole physics, gravitational lensing: strong, gravitational waves, methods: numerical, Astrophysics - Astrophysics of Galaxies, Astrophysics - Cosmology and Nongalactic Astrophysics},
         year = 2021,
        month = aug,
       volume = {505},
       number = {3},
        pages = {3944-3949},
          doi = {10.1093/mnras/stab1415},
archivePrefix = {arXiv},
       eprint = {2104.02083},
 primaryClass = {astro-ph.GA},
       adsurl = {https://ui.adsabs.harvard.edu/abs/2021MNRAS.505.3944R},
      adsnote = {Provided by the SAO/NASA Astrophysics Data System}
}

@ARTICLE{Klencki:2021:A&A,
       author = {{Klencki}, Jakub and {Nelemans}, Gijs and {Istrate}, Alina G. and {Chruslinska}, Martyna},
        title = "{It has to be cool: Supergiant progenitors of binary black hole mergers from common-envelope evolution}",
      journal = {\aap},
     keywords = {stars: evolution, binaries: close, stars: black holes, gravitational waves, supergiants, Astrophysics - Solar and Stellar Astrophysics, Astrophysics - High Energy Astrophysical Phenomena},
         year = 2021,
        month = jan,
       volume = {645},
          eid = {A54},
        pages = {A54},
          doi = {10.1051/0004-6361/202038707},
archivePrefix = {arXiv},
       eprint = {2006.11286},
 primaryClass = {astro-ph.SR},
       adsurl = {https://ui.adsabs.harvard.edu/abs/2021A&A...645A..54K},
      adsnote = {Provided by the SAO/NASA Astrophysics Data System}
}

@ARTICLE{Ginat:2020:MNRAS,
       author = {{Ginat}, Yonadav Barry and {Glanz}, Hila and {Perets}, Hagai B. and {Grishin}, Evgeni and {Desjacques}, Vincent},
        title = "{Gravitational waves from in-spirals of compact objects in binary common-envelope evolution}",
      journal = {\mnras},
     keywords = {gravitational waves, binaries: close, Astrophysics - Solar and Stellar Astrophysics, Astrophysics - High Energy Astrophysical Phenomena},
         year = 2020,
        month = apr,
       volume = {493},
       number = {4},
        pages = {4861-4867},
          doi = {10.1093/mnras/staa465},
archivePrefix = {arXiv},
       eprint = {1903.11072},
 primaryClass = {astro-ph.SR},
       adsurl = {https://ui.adsabs.harvard.edu/abs/2020MNRAS.493.4861G},
      adsnote = {Provided by the SAO/NASA Astrophysics Data System}
}

